@article{PhysRevLett.128.057702,
  title = {Scattering between Minivalleys in Twisted Double Bilayer Graphene},
  author = {Tomi\ifmmode \acute{c}\else \'{c}\fi{}, Petar and Rickhaus, Peter and Garcia-Ruiz, Aitor and Zheng, Giulia and Portol\'es, El\'{\i}as and Fal'ko, Vladimir and Watanabe, Kenji and Taniguchi, Takashi and Ensslin, Klaus and Ihn, Thomas and de Vries, Folkert K.},
  journal = {Phys. Rev. Lett.},
  volume = {128},
  issue = {5},
  pages = {057702},
  numpages = {7},
  year = {2022},
  month = {Feb},
  publisher = {American Physical Society},
  doi = {10.1103/PhysRevLett.128.057702},
  url = {https://link.aps.org/doi/10.1103/PhysRevLett.128.057702}
}
